@misc{website:wikipedia01,
    author = {Wikipedia},
     title = {Laboratory Manager},
      year = {2023},
       url = {https://en.wikipedia.org/wiki/Laboratory_manager},
}

@misc{website:Majumder20,
    author = {Majumder, K},
     title = {Ten Safety Rules Every Researcher Should Follow},
      year = {2020},
       url = {https://www.editage.com/insights/10-lab-safety-rules-every-researcher-must-follow}
}

@misc{website:ISO99,
    author = {ANSI},
     title = {ISO 14644-1:2015 Cleanrooms And Associated Controlled Environments},
      year = {1999},
       url = {https://tinyurl.com/CRStnd14644-1}
}

@misc{website:PAC,
    author = {PAC},
     title = {Cleanroom Cleaning, Gowning, and Maintenance â€” Procedure, Contamination Control, and ISO Protocol},
      year = {},
       url = {https://blog.gotopac.com/2018/01/26/cleanroom-cleaning-procedure-contamination-control-iso-14644-1-protocol/}
}

@misc{website:ThorLabs,
    author = {ThorLabs},
     title = {Optics Handling and Care Tutorial},
      year = {},
       url = {https://tinyurl.com/ThorLabsTechniques}
}

@misc{website:Burge01,
    author = {Burge, J.},
     title = {Mounting of Optical Components: General Approach to Designing Optical Mounts},
      year = {2011},
       url = {https://wp.optics.arizona.edu/optomech/wp-content/uploads/sites/53/2016/08/24-Mounting-optical-components-1.pdf}
}

@misc{website:Burge02,
    author = {Burge, J.},
     title = {Mounting of Optical Components: Mounting of Lenses},
      year = {2011},
       url = {https://wp.optics.arizona.edu/optomech/wp-content/uploads/sites/53/2016/08/26-Mounting-of-lenses-1.pdf}
}

@book{adams,
     title = {The Hitchiker's Guide tothe Galaxy},
    author = {Adams, D.},
      year = {1981},
    series = {},
 publisher = {Crown},
      note = {A totally fictional quote that I shamelessly made up for humor purposes. However, the Encylopedia Galactica was created by Douglas Adams.}
}

